<?xml version="1.0" encoding="UTF-8"?><collection xmlns="http://www.loc.gov/MARC21/slim"><record><leader>00469nam--2200133-i-4500</leader><controlfield tag="001">000044574</controlfield><controlfield tag="002">20161230</controlfield><controlfield tag="005">20161230201044</controlfield><controlfield tag="008">060222s1000------------r-----000-0-eng-d</controlfield><datafield ind1=" " ind2=" " tag="080"><subfield code="a">621.039:562.26(043)</subfield></datafield><datafield ind1=" " ind2=" " tag="100"><subfield code="a">Therond, Patrice</subfield></datafield><datafield ind1=" " ind2=" " tag="245"><subfield code="a">Contribution a la qualification d`un schema de calcul pour les reacteurs a eau pressurisee, applique a des absorbants a base de gadolinium et de hafnium. these</subfield></datafield><datafield ind1=" " ind2=" " tag="260"><subfield code="a">Orsay, Univ.De Paris-sud, 1982, 152p</subfield></datafield><datafield ind1=" " ind2=" " tag="852"><subfield code="a">71183</subfield></datafield></record></collection>